@book{Ferstl.2006,
 author = {Ferstl, Otto K. and Sinz, Elmar J.},
 year = {2006},
 title = {{G}rundlagen der {W}irtschaftsinformatik},
 address = {M\"unchen},
 edition = {5},
 publisher = {Oldenbourg},
 isbn = {9783486579420},
 url = {http://www.gbv.de/dms/ilmenau/toc/516032887.PDF /// http://deposit.d-nb.de/cgi-bin/dokserv?id=2837852&prov=M&dok_var=1&dok_ext=htm / http://www.gbv.de/dms/ilmenau/toc/516032887.PDF}
}
